<?xml version="1.0" encoding="UTF-8"?><collection xmlns="http://www.loc.gov/MARC21/slim"><record><leader>00339nam--2200121-i-4500</leader><controlfield tag="001">000012607</controlfield><controlfield tag="002">20161230</controlfield><controlfield tag="005">20161230201029</controlfield><controlfield tag="008">060222s1000------------r-----000-0-eng-d</controlfield><datafield ind1=" " ind2=" " tag="080"><subfield code="a">575(061.3)</subfield></datafield><datafield ind1=" " ind2=" " tag="245"><subfield code="a">Bhabha atomic research centre bombay. january 10-11,1977</subfield></datafield><datafield ind1=" " ind2=" " tag="260"><subfield code="a">Bombay ,Bhabha Atomic Research Centre,1977. V+ 279p</subfield></datafield><datafield ind1=" " ind2=" " tag="852"><subfield code="a">45890</subfield></datafield></record></collection>